<?xml version="1.0" encoding="UTF-8"?>
<record xmlns="http://www.loc.gov/MARC21/slim" xmlns:xsi="http://www.w3.org/2001/XMLSchema-instance" xsi:schemaLocation="http://www.loc.gov/MARC21/slim http://www.loc.gov/standards/marcxml/schema/MARC21slim.xsd">
<leader>00000cam a22      a 4500</leader>
<controlfield tag="001">002849193</controlfield>
<controlfield tag="003">NNU</controlfield>
<controlfield tag="005">20150714155451.0</controlfield>
<controlfield tag="008">850225s1982    ir       b    000 0 arar</controlfield>
<datafield tag="010" ind1=" " ind2=" ">
<subfield code="a">   85122412</subfield>
</datafield>
<datafield tag="035" ind1=" " ind2=" ">
<subfield code="a">(OCoLC)13394770</subfield>
</datafield>
<datafield tag="040" ind1=" " ind2=" ">
<subfield code="a">DLC</subfield>
<subfield code="b">eng</subfield>
<subfield code="c">DLC</subfield>
<subfield code="d">OCLCG</subfield>
<subfield code="d">CLU</subfield>
<subfield code="d">OCLCO</subfield>
<subfield code="d">OCLCA</subfield>
<subfield code="d">OCLCQ</subfield>
<subfield code="d">OCLCF</subfield>
<subfield code="d">NNU</subfield>
</datafield>
<datafield tag="050" ind1=" " ind2="4">
<subfield code="a">BP193.16.A3</subfield>
<subfield code="b">Z39 1982</subfield>
</datafield>
<datafield tag="100" ind1="1" ind2=" ">
<subfield code="6">880-01</subfield>
<subfield code="a">Zayn al-Dīn, Muḥammad Amīn.</subfield>
</datafield>
<datafield tag="245" ind1="1" ind2="3">
<subfield code="6">880-02</subfield>
<subfield code="a">al-Akhlāq ʻinda al-Imām al-Ṣādiq /</subfield>
<subfield code="c">Muḥammad Amīn Zayn al-Dīn.</subfield>
</datafield>
<datafield tag="260" ind1=" " ind2=" ">
<subfield code="6">880-03</subfield>
<subfield code="a">[Tehran?] :</subfield>
<subfield code="b">Munaẓẓamat al-Iʻlām al-Islāmī, Qism al-ʻAlāqāt al-Dawlīyah,</subfield>
<subfield code="c">1403 [i.e. 1982]</subfield>
</datafield>
<datafield tag="300" ind1=" " ind2=" ">
<subfield code="a">130 pages ;</subfield>
<subfield code="c">21 cm</subfield>
</datafield>
<datafield tag="336" ind1=" " ind2=" ">
<subfield code="a">text</subfield>
<subfield code="b">txt</subfield>
<subfield code="2">rdacontent</subfield>
</datafield>
<datafield tag="337" ind1=" " ind2=" ">
<subfield code="a">unmediated</subfield>
<subfield code="b">n</subfield>
<subfield code="2">rdamedia</subfield>
</datafield>
<datafield tag="338" ind1=" " ind2=" ">
<subfield code="a">volume</subfield>
<subfield code="b">nc</subfield>
<subfield code="2">rdacarrier</subfield>
</datafield>
<datafield tag="504" ind1=" " ind2=" ">
<subfield code="a">Includes bibliographical references (page 130).</subfield>
</datafield>
<datafield tag="600" ind1="0" ind2="0">
<subfield code="6">880-04</subfield>
<subfield code="a">Jaʻfar al-Ṣādiq,</subfield>
<subfield code="d">702?-765 or 766</subfield>
<subfield code="x">Ethics.</subfield>
</datafield>
<datafield tag="600" ind1="0" ind2="7">
<subfield code="a">Jaʻfar al-Ṣādiq,</subfield>
<subfield code="d">702?-765 or 766.</subfield>
<subfield code="2">fast</subfield>
<subfield code="0">(OCoLC)fst01826713</subfield>
</datafield>
<datafield tag="650" ind1=" " ind2="7">
<subfield code="a">Ethics.</subfield>
<subfield code="2">fast</subfield>
<subfield code="0">(OCoLC)fst00915833</subfield>
</datafield>
<datafield tag="776" ind1="0" ind2="8">
<subfield code="i">Online version:</subfield>
<subfield code="a">Zayn al-Dīn, Muḥammad Amīn.</subfield>
<subfield code="t">Akhlāq ʻinda al-Imām al-Ṣādiq.</subfield>
<subfield code="d">[Tehran?] : Munaẓẓamat al-Iʻlām al-Islāmī, Qism al-ʻAlāqāt al-Dawlīyah, 1403 [i.e. 1982]</subfield>
<subfield code="w">(OCoLC)613267482</subfield>
</datafield>
<datafield tag="880" ind1="1" ind2=" ">
<subfield code="6">100-01/</subfield>
<subfield code="a">زين الدين، محمد امين.</subfield>
</datafield>
<datafield tag="880" ind1="1" ind2="2">
<subfield code="6">245-02/</subfield>
<subfield code="a">الاخلاق عند الامام الصادق /</subfield>
<subfield code="c">محمد امين زين الدين.</subfield>
</datafield>
<datafield tag="880" ind1=" " ind2=" ">
<subfield code="6">260-03/</subfield>
<subfield code="a">[طهران؟] :</subfield>
<subfield code="b">منظمة الاعلام الاسلامي، قسم العلاقات الدولية،</subfield>
<subfield code="c">1403 [i.e. 1982]</subfield>
</datafield>
<datafield tag="880" ind1="0" ind2="4">
<subfield code="6">600-04/</subfield>
<subfield code="a">جعفر الصادق،</subfield>
<subfield code="d">702?-765 or 766</subfield>
<subfield code="x">Ethics.</subfield>
</datafield>
<datafield tag="OWN" ind1=" " ind2=" ">
<subfield code="a">GENERAL</subfield>
</datafield>
<datafield tag="AVA" ind1=" " ind2=" ">
<subfield code="a">NYU50</subfield>
<subfield code="b">BOBST</subfield>
<subfield code="c">Main Collection</subfield>
<subfield code="d">BP193.16.A3 Z39 1982</subfield>
<subfield code="e">unavailable</subfield>
<subfield code="t">Unavailable</subfield>
<subfield code="f">1</subfield>
<subfield code="g">1</subfield>
<subfield code="h">N</subfield>
<subfield code="i">0</subfield>
<subfield code="j">MAIN</subfield>
<subfield code="k">0</subfield>
</datafield>
</record>
